@book{Lit1,
author = "E. Hecht, K. Lippert",
title = "Optik",
volume = "7",
publisher = "De Gruyter",
year = "2018"
}
@online{n_Luft,
author = "RefractivIndex.INFO",
title = "Refractiv Index Database",
url = "https://refractiveindex.info/?shelf=other&book=air&page=Ciddor"
}

@onlin{PBSC,
author = "Rocky Moutain Instrument Co.",
title = "Polarizers",
url = "http://rmico.com/high-power-polarizing-cube-beamsplitters"
}

@online{anleitung,
author = "Technische Universit√§t Dortmund",
title = "V64 Interferometrie",
url = "https://moodle.tu-dortmund.de/pluginfile.php/1021358/mod_resource/content/1/V64.pdf"
}
