@manual{anleitung,
author = "TU Dortmund, Physikalisches Praktikum",
title = "Versuchsanleitung zu Versuch Nr.V46 Faraday-Effekt an Halbleitern",
year = "2019",
}

@Misc{BS,
title = {Virtual University: Halbleiter},
note = {Eingesehen am 10.01.2020},
url = {http://www.virtualuniversity.ch/elektronik/analog/halbleiter/1.html},
}

@Misc{BS_neu,
title = {Dotierte Halbleiter},
note = {Eingesehen am 10.01.2020},
url = {http://ms.zneb.at/html/exphys5/exse47.htm},
}
