@manual{AnleitungV01,
author = "TU Dortmund, Physikalisches Praktikum",
title = "Versuchsanleitung zu Versuch Nr.01 Lebensdauer der Myonen ",
year = 2017,
}

@online{WW,
  title = {Absorption von Strahlung},
  author = {Humboldt-Universität zu Berlin},
  url = {https://pgd5.physik.hu-berlin.de/pgd/absorpt.htm}
}


@online{Eu_Emision,
  title = {Table de Radionucleides, 152Eu},
  author = {V.R. Vanin, R.M. de Castro, E. Browne},
  url = {http://www.nucleide.org/DDEP_WG/Nuclides/Eu-152_tables.pdf},
}

@online{nist,
title = {XCOM Program, Ge},
author = {NIST:National Institute of Standards and Technology},
url = {https://physics.nist.gov/cgi-bin/Xcom/xcom3_1},
}
@online{Cs_Emissionsenergie,
  title = {Table de Radionucleides, 137Cs},
  author = {G. Helmer and V.P. Chechev},
  url = {http://www.nucleide.org/DDEP_WG/Nuclides/Cs-137_tables.pdf}
}
@online{Isotopenbestimmung,
title = {Radiation search},
author = {Table of Radioactive Isotopes},
url = {http://nucleardata.nuclear.lu.se/toi/radSearch.asp}
}

@MastersThesis{Theorie-Spektrum,
    author     =     {Andreas Jansen},
    title     =     {Experimentelle Untersuchung des Targets das Comet $\mu$ - $e$ Konversionsexperimentes},
    school     =     {Technische Universität Dresden},
    year     =     {2017},
}

@misc{wiki:Kegelwinkel,
  author = "Wikipedia",
  title = "Kegel (Geometrie) --- Wikipedia{,} Die freie Enzyklopädie",
  year = "2019",
  url = "https://de.wikipedia.org/w/index.php?title=Kegel_(Geometrie)&oldid=194182299",
  note = "[Online; Stand 21. November 2019]"
}

@misc{ wiki:Theta,
  author = "Wikipedia",
  title = "Raumwinkel --- Wikipedia{,} Die freie Enzyklopädie",
  year = "2019",
  url = "https://de.wikipedia.org/w/index.php?title=Raumwinkel&oldid=194147109",
  note = "[Online; Stand 21. November 2019]"
}

@online{Aufbau,
title = {V18 – Hochreine Germaniumdetektorenin der Gamma-Spektrometrie},
author = {TU Dortmund},
url = {https://moodle.tu-dortmund.de/pluginfile.php/951409/mod_resource/content/1/V18.pdf},
year = {2019}
}
