@manual{anleitung,
author = "TU Dortmund, Physikalisches Praktikum",
title = "Versuchsanleitung zu Versuch Nr.V26 Zeeman-Effekt",
year = "2019",
}

@unpublished{Janina,
author = "Janina Nicolini,Vanessa Sulaiman",
title = "Praktikumsprotokoll V27, Der Zeeman-Effekt",
intsitute = "Technische Universit√§t Dortmund",
year = "2018"
}
