@manual{anleitung,
author = "TU Dortmund, Physikalisches Praktikum",
title = "Versuchsanleitung zu Versuch Nr.V49 Messung von Diffusionskonstanten mittels gepulster Kernspinresonanz",
year = 2019,
}

@Misc{visko,
title = {GESTIS-Stoffdatenbank},
note = {Eingesehen am 01.12.2019},
url = {http://gestis.itrust.de/nxt/gateway.dll/gestis_de/012650.xml?f=templates$fn=default-doc.htm$3.0#01211},
}

@Misc{dichte,
title = {Chemie.de},
note = {Eingesehen am 01.12.2019},
url = {https://www.chemie.de/lexikon/1-Butanol.html},
}

@manual{T1,
author = "S K Vaish et al",
title = "NMR spin lattice relaxation investigation of some molecular systems and its correlation with dielectric relaxation",
year = 2003,
}
#url = 'http://nopr.niscair.res.in/bitstream/123456789/25260/1/IJPAP%2041(11)%20858-862.pdf'




